<record><leader>00000cas a22000007a 4500</leader><controlfield tag="001">29894949</controlfield><controlfield tag="008">940302d189418uumoumr ne      0    0eng d</controlfield><datafield ind1=" " ind2=" " tag="010"><subfield code="a">sn 94055131 </subfield></datafield><datafield ind1=" " ind2=" " tag="040"><subfield code="a">MQN</subfield><subfield code="b">eng</subfield><subfield code="c">MQN</subfield><subfield code="d">OCLCQ</subfield></datafield><datafield ind1=" " ind2=" " tag="042"><subfield code="a">msc</subfield></datafield><datafield ind1="0" ind2=" " tag="130"><subfield code="a">Missouri (Versailles, Mo.)</subfield></datafield><datafield ind1="1" ind2="0" tag="245"><subfield code="a">Missouri.</subfield></datafield><datafield ind1=" " ind2=" " tag="260"><subfield code="a">Versailles, Mo. :</subfield><subfield code="b">Versailles Real Estate Co.</subfield></datafield><datafield ind1=" " ind2=" " tag="300"><subfield code="a">v.</subfield></datafield><datafield ind1=" " ind2=" " tag="310"><subfield code="a">Monthly</subfield></datafield><datafield ind1="0" ind2=" " tag="362"><subfield code="a">Vol. 1, no. 1 (Dec. 1894)-</subfield></datafield><datafield ind1=" " ind2=" " tag="752"><subfield code="a">United States</subfield><subfield code="b">Missouri</subfield><subfield code="c">Morgan</subfield><subfield code="d">Versailles.</subfield></datafield></record>